@article{mcmahon2011adventures,
  title={Adventures in radio astronomy instrumentation and signal processing},
  author={McMahon, Peter L},
  journal={arXiv preprint arXiv:1109.0416},
  year={2011}
}
@article{lazio2019space,
  title={Space Interferometry},
  author={Lazio, Joseph},
  year={2019},
  publisher={Pasadena, CA: Jet Propulsion Laboratory, National Aeronautics and Space~…}
}

@article{lazio2019radio,
  title={Radio Astronomy},
  author={Lazio, Joseph},
  year={2019},
  publisher={Pasadena, CA: Jet Propulsion Laboratory, National Aeronautics and Space~…}
}
@misc{graham1986martin,
  title={Martin Ryle, 27 September 1918-14 October 1984},
  author={Graham-Smith, Francis},
  year={1986},
  publisher={The Royal Society London}
}
@book{burke2019introduction,
  title={An introduction to radio astronomy},
  author={Burke, Bernard F and Graham-Smith, Francis and Wilkinson, Peter N},
  year={2019},
  publisher={Cambridge University Press}
}

@article{malviyareview,
  title={Review paper on Efficiency Improvement in the Parabolic Reflector Dish Antenna System},
  author={Malviya, Gaurav and Panda, DK}
}

@article{dean18straw,
  title={Straw Ed.(2000)},
  author={Dean, R},
  journal={The ARRL Antenna Book, 19th Ed.. USA: American Radio Relay League. pp},
  volume={18}
}

@book{stutzman2012antenna,
  title={Antenna theory and design},
  author={Stutzman, Warren L and Thiele, Gary A},
  year={2012},
  publisher={John Wiley \& Sons}

}

@article{daniyan2014horn,
  title={Horn antenna design: the concepts and considerations},
  author={Daniyan, OL and Opara, FE and Okere, BI and Aliyu, N and Ezechi, N and Wali, J and Adejoh, J and Eze, K and Chapi, J and Justus, C and others},
  journal={International Journal of Emerging Technology and Advanced Engineering (IJETAE)},
  volume={4},
  number={5},
  year={2014}
}

@article{baltzis2010polynomial,
  title={Polynomial-based evaluation of the impact of aperture phase taper on the gain of rectangular horns},
  author={Baltzis, Konstantinos B},
  journal={Journal of Electromagnetic Analysis and Applications},
  volume={2010},
  year={2010},
  publisher={Scientific Research Publishing}
}

@article{ja2018evaluation,
  title={Evaluation of Water Content in Milk Using Microwave Transmission Approach with Horn Antenna},
  author={Ja, Ashok and Patil, Kiran},
  year={2018}
}

@book{milligan2005modern,
  title={Modern antenna design},
  author={Milligan, Thomas A},
  year={2005},
  publisher={John Wiley \& Sons}
}

@article{misran2013design,
  title={Design of low noise amplifier using feedback and balanced technique for WLAN application},
  author={Misran, MH and MeorSaid, MA and Othman, MA and Ismail, MM and Sulaiman, HA and Cheng, KG},
  journal={Procedia Engineering},
  volume={53},
  pages={323--331},
  year={2013},
  publisher={Elsevier}
}

@book{pozar2000microwave,
  title={Microwave and RF design of wireless systems},
  author={Pozar, David M},
  year={2000},
  publisher={John Wiley \& Sons}
}

@article{prameela2016design,
  title={Design of low noise amplifier for IEEE standard 802.11 b using cascode and modified cascode techniques},
  author={Prameela, B and Daniel, Asha Elizabeth},
  journal={Procedia Technology},
  volume={25},
  pages={443--449},
  year={2016},
  publisher={Elsevier}
}

@article{razavi2011mixers,
  title={Mixers},
  author={Razavi, B},
  journal={Rf microelectronics. Prentice hall communications engineering and emerging technologies series (2nd ed., Chap. 6, pp. 337--428). Prentice Hall. ISBN-13},
  pages={978--0137134731},
  year={2011}
}
@article{friis1946note,
  title={A note on a simple transmission formula},
  author={Friis, Harald T},
  journal={Proceedings of the IRE},
  volume={34},
  number={5},
  pages={254--256},
  year={1946},
  publisher={IEEE}
}
@article{cho2003antenna,
  title={Antenna Control System Using Step Tracking Algorithm with H $ \_ $\{$$\backslash$infty$\}$ $ Controller},
  author={Cho, Chang-Ho and Lee, Sang-Hyo and Kwon, Tae-Yong and Lee, Cheol},
  journal={International journal of control, automation, and systems},
  volume={1},
  number={1},
  pages={83--92},
  year={2003},
  publisher={Institute of Control, Robotics and Systems}
}


@article{shi2021design,
  title={Design and simulation analysis of THz wave parabolic antenna with beam deflection},
  author={Shi, Xiang},
  journal={International Journal of RF and Microwave Computer-Aided Engineering},
  volume={31},
  number={5},
  pages={e22606},
  year={2021},
  publisher={Wiley Online Library}
}

@article{chishti2014radio,
  title={Radio telescope antenna azimuth position control system design and analysis in matlab/simulink using pid\&lqr controller},
  author={Chishti, ABDUL REHMAN and Bukhari, SFUR and Khaliq, HAFIZ SAAD and Khan, MOHAMMAD HUNAIN and Bukhari, SYED ZULFIQAR HAIDER},
  journal={The Islamia University of Bahawalpur, Pakistan},
  volume={123},
  year={2014}
}

@book{nise2020control,
  title={Control systems engineering},
  author={Nise, Norman S},
  year={2020},
  publisher={John Wiley \& Sons}
}




@article{kronberg1994extragalactic,
  title={Extragalactic magnetic fields},
  author={Kronberg, Philipp P},
  journal={Reports on Progress in Physics},
  volume={57},
  number={4},
  pages={325},
  year={1994},
  publisher={IOP Publishing}
}

@article{storey199421,
  title={21 cm line of atomic hydrogen},
  author={Storey, JWV and Ashley, MCB and Naray, M and Lloyd, JP},
  journal={American Journal of Physics},
  volume={62},
  number={12},
  pages={1077--1081},
  year={1994},
  publisher={American Association of Physics Teachers}
}

@article{kanekar2021atomic,
  title={Atomic Hydrogen in Distant Galaxies},
  author={Kanekar, Nissim and Chowdhury, Aditya and Chengalur, Jayaram N},
  journal={Resonance},
  volume={26},
  number={7},
  pages={919--938},
  year={2021},
  publisher={Springer}
}

@article{green1993power,
  title={A power spectrum analysis of the angular scale of Galactic neutral hydrogen emission towards l= 140°, b= 0°},
  author={Green, DA},
  journal={Monthly Notices of the Royal Astronomical Society},
  volume={262},
  number={2},
  pages={327--342},
  year={1993},
  publisher={Oxford University Press Oxford, UK}
}
@misc{kulkarni1988galactic,
  title={Galactic and Extragalactic Radio Astronomy},
  author={Kulkarni, SR and Heiles, C and Verschuur, GL and Kellermann, KI},
  year={1988},
  publisher={Springer-Verlag Berlin}
}
@article{gautier1992calculation,
  title={A calculation of confusion noise due to infrared cirrus},
  author={Gautier III, TN and Boulanger, Francois and Perault, M and Puget, JL},
  journal={The Astronomical Journal},
  volume={103},
  pages={1313--1324},
  year={1992}
}

@article{dickey2001southern,
  title={Southern galactic plane survey measurements of the spatial power spectrum of interstellar HI in the inner galaxy},
  author={Dickey, John M and McClure-Griffiths, NM and Stanimirovi{\'c}, Sne{\'z}ana and Gaensler, BM and Green, AJ},
  journal={The Astrophysical Journal},
  volume={561},
  number={1},
  pages={264},
  year={2001},
  publisher={IOP Publishing}
}

@article{crovisier1983spatial,
  title={The spatial power spectrum of galactic neutral hydrogen from observations of the 21-cm emission line},
  author={Crovisier, J and Dickey, JM},
  journal={Astronomy and Astrophysics},
  volume={122},
  pages={282--296},
  year={1983}
}

@article{scannapieco2011formation,
  title={Formation history, structure and dynamics of discs and spheroids in simulated Milky Way mass galaxies},
  author={Scannapieco, Cecilia and White, Simon DM and Springel, Volker and Tissera, Patricia B},
  journal={Monthly Notices of the Royal Astronomical Society},
  volume={417},
  number={1},
  pages={154--171},
  year={2011},
  publisher={Blackwell Publishing Ltd Oxford, UK}
}

@article{taylor2012square,
  title={The square kilometre array},
  author={Taylor, AR},
  journal={Proceedings of the International Astronomical Union},
  volume={8},
  number={S291},
  pages={337--341},
  year={2012},
  publisher={Cambridge University Press}
}

@article{schilizzi2011project,
  title={Project Execution Plan Pre-Construction Phase for the Square Kilometre Array (SKA)},
  author={Schilizzi, RT and others},
  journal={MGT-001.005},
  pages={2011--01012},
  year={2011}
}

@article{hoare2018uk,
  title={UK aid for African radio astronomy},
  author={Hoare, Melvin G},
  journal={Nature Astronomy},
  volume={2},
  number={7},
  pages={505--506},
  year={2018},
  publisher={Nature Publishing Group}
}

@article{wang2020ska,
  title={SKA shakes hands with Summit},
  author={Wang, Ruonan and Wicenec, Andreas and An, Tao},
  journal={Science Bulletin},
  volume={65},
  number={5},
  pages={337--339},
  year={2020},
  publisher={Elsevier}
}
@inproceedings{green1999new,
  title={New Perspectives on the Interstellar Medium},
  author={Green, AJ and Taylor, AR and Landecker, TL and Joncas, G},
  booktitle={ASP Conf. Ser. Vol. 168},
  pages={43},
  year={1999},
  organization={Astron. Soc. Pac.}
}

@article{sturner1994association,
  title={Association of unidentified, low latitude EGRET sources with supernova remnants},
  author={Sturner, Steven J and Dermer, Charles D},
  journal={arXiv preprint astro-ph/9409047},
  year={1994}
}
@article{routledge1991structure,
  title={The structure of atomic and molecular gas in the vicinity of the supernova remnant HB3},
  author={Routledge, D and Dewdney, PE and Landecker, TL and Vaneldik, JF},
  journal={Astronomy and Astrophysics},
  volume={247},
  pages={529--544},
  year={1991}
}
@inproceedings{hossain2018salsa,
  title={SALSA is an ICT based educational tool for Astrophysics students to study structure and dynamics of Milky Way Galaxy},
  author={Hossain, Mir Sakhawat and Mallik, Banrupa},
  booktitle={2018 21st International Conference of Computer and Information Technology (ICCIT)},
  pages={1--6},
  year={2018},
  organization={IEEE}
}

@article{mcclure2001southern,
  title={The southern galactic plane survey: The test region},
  author={McClure-Griffiths, NM and Green, AJ and Dickey, John M and Gaensler, BM and Haynes, RF and Wieringa, MH},
  journal={The Astrophysical Journal},
  volume={551},
  number={1},
  pages={394},
  year={2001},
  publisher={IOP Publishing}
}

@article{deshpande2000power,
  title={Power spectrum of the density of cold atomic gas in the galaxy toward Cassiopeia A and Cygnus A},
  author={Deshpande, AA and Dwarakanath, KS and Goss, W Miller},
  journal={The Astrophysical Journal},
  volume={543},
  number={1},
  pages={227},
  year={2000},
  publisher={IOP Publishing}
}

@article{clark1965interferometer,
  title={An Interferometer Investigation of the 21-CENTIMETER Hydrogen-Line Absorption.},
  author={Clark, BG},
  journal={The Astrophysical Journal},
  volume={142},
  pages={1398},
  year={1965}
}
@article{clark1962hydrogen,
  title={The Hydrogen Line in Absorption.},
  author={Clark, BG and Radhakrishnan, V and Wilson, RW},
  journal={The Astrophysical Journal},
  volume={135},
  pages={151},
  year={1962}
}

@article{crovisier1985observation,
  title={Observation of neutral hydrogen 21-cm absorption toward double sources},
  author={Crovisier, J and Dickey, JM and Kazes, I},
  journal={Astronomy and Astrophysics},
  volume={146},
  pages={223--234},
  year={1985}
}

@article{kalberla1985high,
  title={High resolution mapping of galactic HI in the direction of 3C147},
  author={Kalberla, PMW and Schwarz, UJ and Goss, WM},
  journal={Astronomy and Astrophysics},
  volume={144},
  pages={27--36},
  year={1985}
}

@incollection{unsold2002structure,
  title={The Structure and Dynamics of the Milky Way Galaxy},
  author={Uns{\"o}ld, Albrecht and Baschek, Bodo},
  booktitle={The New Cosmos},
  pages={377--401},
  year={2002},
  publisher={Springer}
}

@article{copley2016african,
  title={The african very long baseline interferometry network: The ghana antenna conversion},
  author={Copley, CJ and Thondikulam, V and Loots, A and Bangani, S and Cloete, K and Combrinck, L and Gioio, S and Ludick, J and Nicolson, G and Pollak, AW and others},
  journal={arXiv preprint arXiv:1608.02187},
  year={2016}

  }
  
   @inproceedings{sharpe2021sarao,
  title={SARAO, AVN and the Africa Programme},
  author={Sharpe, Carla},
  booktitle={AFAS2 2021: Conference of the African Astronomical Society},
  pages={2},
  year={2021}
  }
  
  @article{bekhti2016hi4pi,
  title={HI4PI: a full-sky H i survey based on EBHIS and GASS},
  author={Bekhti, N Ben and Fl{\"o}er, L and Keller, R and Kerp, J and Lenz, D and Winkel, B and Bailin, J and Calabretta, MR and Dedes, L and Ford, HA and others},
  journal={Astronomy \& Astrophysics},
  volume={594},
  pages={A116},
  year={2016},
  publisher={EDP Sciences}
}

@article{green2006angular,
  title={Angular power spectra of Galactic HI},
  author={Green, DA},
  journal={Proceedings of the International Astronomical Union},
  volume={2},
  number={S237},
  pages={413--413},
  year={2006},
  publisher={Cambridge University Press}
}

@mastersthesis{perez2010telescope,
  title={Telescope dome structure: analysis and design},
  author={P{\'e}rez Garc{\'\i}a, Alexander Jos{\'e}},
  year={2010}
}

@inproceedings{forbes1982wind,
  title={Wind loading of large astronomical telescopes},
  author={Forbes, Fred and Gabor, George},
  booktitle={Advanced Technology Optical Telescopes I},
  volume={332},
  pages={198--205},
  year={1982},
  organization={SPIE}
}

@article{hiriart2001wind,
  title={Wind power spectrum measured at the San Pedro M{\'a}rtir Sierra},
  author={Hiriart, D and Ochoa, JL and Garcia, B},
  journal={Revista Mexicana de Astronomia y Astrofisica},
  volume={37},
  number={2},
  pages={213--220},
  year={2001},
  publisher={Instituto de Astronom{\'\i}a}
}
@inproceedings{forbes1984large,
  title={Large telescope wind loading},
  author={Forbes, Fred F},
  booktitle={International Astronomical Union Colloquium},
  volume={79},
  pages={165--175},
  year={1984},
  organization={Cambridge University Press}
}

@inproceedings{beckers1982performance,
  title={Performance of the Multiple Mirror Telescope (MMT) III. Seeing experiments with the MMT},
  author={Beckers, Jacques M and Williams, JT},
  booktitle={Advanced Technology Optical Telescopes I},
  volume={332},
  pages={16--23},
  year={1982},
  organization={SPIE}
}

@inproceedings{cho2003wind,
  title={Wind loading of large telescopes},
  author={Cho, Myung K and Stepp, Larry M and Angeli, George Z and Smith, David R},
  booktitle={Large Ground-Based Telescopes},
  volume={4837},
  pages={352--367},
  year={2003},
  organization={SPIE}
}



@inproceedings{itoh1990mechanical,
  title={Mechanical structure of JNLT: analysis of mirror deflection due to wind loading},
  author={Itoh, Noboru and Mikami, Izumi and Noguchi, Takeshi and Shimizu, Yasuhiro and Yamashita, Yasumasa and Sovka, Jerry and McLaren, Robert A and Erasmus, D Andre},
  booktitle={Advanced Technology Optical Telescopes IV},
  volume={1236},
  pages={866--877},
  year={1990},
  organization={SPIE}


}@book{bely2003design,
  title={The design and construction of large optical telescopes},
  author={Bely, Pierre},
  year={2003},
  publisher={Springer}
}

@article{ye2021research,
  title={Research on Wind Load Calculation Based on Identical Guarantee Rate Method},
  author={Ye, Tao and Zhu, Ledong and Tan, Zhongxu and Li, Lanlan},
  journal={Shock and Vibration},
  volume={2021},
  year={2021},
  publisher={Hindawi}
}

@article{macmynowski2006wind,
  title={Wind loads on ground-based telescopes},
  author={MacMynowski, Douglas G and Vogiatzis, Konstantinos and Angeli, George Z and Fitzsimmons, Joeleff and Nelson, Jerry E},
  journal={Applied Optics},
  volume={45},
  number={30},
  pages={7912--7923},
  year={2006},
  publisher={Optical Society of America}
}

@misc{elsbernd1983wind,
  title={Wind load reduction in tower mounted broadcast antennas},
  author={Elsbernd, Gerald F},
  year={1983},
  month=sep # "~20",
  publisher={Google Patents},
  note={US Patent 4,405,928}
}


@inproceedings{odinets2018analysis,
  title={Analysis of the stress-deformed condition of the disassembly parabolic antenna},
  author={Odinets, MN and Kaygorodtseva, NV and Krysova, IV},
  booktitle={Journal of Physics: Conference Series},
  volume={944},
  number={1},
  pages={012084},
  year={2018},
  organization={IOP Publishing}
}

@article{fournier2019recommendation,
  title={Recommendation on Base Station Antenna Standards (V11. 1)},
  author={Fournier, AFA},
  journal={NGMN Alliance: Frankfurt am Main, Germany},
  year={2019}
}

@misc{bsi2005bs,
  title={BS EN 1991-1-4: 2005+ A1: 2010: Eurocode 1. Actions on structures. General actions. Wind actions},
  author={BSI},
  year={2005},
  publisher={BSI London, UK}
}

@article{en19911,
  title={1-3: 2003 Eurocode 1: Actions on structures—General actions—Snow loads BS EN 1991-1-4: 2005},
  author={EN,BS},
  journal={Eurocode 1: Actions on structures—General actions—Wind actions},
  year={2017},
  urldate={April 30, 2022}
  
  }
  
  
 @misc{ kathrein_2016,
 title={White Paper base station antennas – reliable wind ... / white-paper-base-station-antennas-reliable-wind.pdf / PDF4PRO}, 
 url={https://pdf4pro.com/view/white-paper-base-station-antennas-reliable-wind-5a5af1.html}, 
 journal={PDF4PRO},
 author={ Kathrein,
 Werke-KG}, 
 year={2016},
 month={December},
 urldate={April 30, 2022}
 

}


@article{belcher1988wind,
  title={Wind effects on a proposed 8 m optical telescope},
  author={Belcher, RE and Stacey, GR and Wood, CJ},
  journal={OUEL Report},
  volume={1736},
  pages={88},
  year={1988}
  
}
@book{ulrich1988eso,
  title={ESO Conference on Very Large Telescopes and Their Instrumentation, Garching, 21-24 March 1988: Proceedings},
  author={Ulrich, Marie-H{\'e}l{\`e}ne},
  volume={1},
  year={1988},
  publisher={European Southern Observatory}
  
}

@inproceedings{su2003lamost,
  title={LAMOST project and its current status},
  author={Su, Hongjun and Cui, Xiangqun},
  book-title={Large Ground-Based Telescopes},
  volume={4837},
  pages={26--35},
  year={2003},
  organization={International Society for Optics and Photonics}
  
  
 }
  
 @article{structvillewebsite2020,
 title={Analysis of wind load on bridge decks},
  author={Obani Obinna},
  url={https://https:structville.com/2020/03/analysis-of-wind-load-on-bridge-decks},
  year={2020},
  addendum={accessed:01.09.2016},
  keywords={latex,structville}

}
@misc{KurtAndressK7,
 author="Kurt Andress K7NV",
 title={Wind Loads},
 url={http://k7nv.com/notebook/topics/windload.html},
 addendum={accessed: 01.02.2021},
 keywords={latex,K7NV}
    
}

@misc{alliance2020recommendation,
  title={Recommendation on Base Station Active Antenna System Standards},
  author={Alliance, NGMN},
  year={2020}
  
}

@article{lee2018rough,
  title={Rough boundary treatment method for the shear-stress transport k-omega model},
  author={Lee, Cheng-Hsien},
  journal={Engineering Applications of Computational Fluid Mechanics},
  volume={12},
  number={1},
  pages={261--269},
  year={2018},
  publisher={Taylor & Francis}
  
}

@article{omenzetter2000suppression,
  title={Suppression of wind-induced instabilities of a long span bridge by a passive deck--flaps control system: Part I: Formulation},
  author={Omenzetter, P and Wilde, K and Fujino, Y},
  journal={Journal of Wind Engineering and Industrial Aerodynamics},
  volume={87},
  number={1},
  pages={61--79},
  year={2000},
  publisher={Elsevier}
  
}

@article{kim2000numerical,
  title={Numerical simulation of wind flow over hilly terrain},
  author={Kim, Hyun Goo and Patel, VC and Lee, Choung Mook},
  journal={Journal of wind engineering and industrial aerodynamics},
  volume={87},
  number={1},
  pages={45--60},
  year={2000},
  publisher={Elsevier}
  
  
  }
  
  
  @book{huawei_2017, 
  title={White Paper Wind Load Test and Calculation of the Base Station Antenna}, 
  url={https://carrier.huawei.com/~/media/cnbgv2/download/products/wireless-network/antenna/white-paper-for-the-wind-load-test.pdf},
  author={Huawei}, 
  year={2017}} 
  
  @techreport{gowen1953drag,
  title={Drag of circular cylinders for a wide range of Reynolds numbers and Mach numbers},
  author={Gowen, Forrest E and Perkins, Edward W},
  year={1953}
}

@inproceedings{morris2010force,
  title={Force balance design for educational wind tunnels},
  author={Morris, Martin and Post, Scott},
  booktitle={2010 Annual Conference \& Exposition},
  pages={15--594},
  year={2010}
}

@article{wyatt1964aerodynamics,
  title={The aerodynamics of shallow paraboloid antennas},
  author={Wyatt, TA},
  journal={NYASA},
  volume={116},
  number={1},
  pages={222--238},
  year={1964}
  
  
  }
  @article{tienphuc2015numerical,
  title={Numerical simulation of the flow field around generic formula one},
  author={TienPhuc, D and ZhengQi, G and Zhen, C},
  journal={Journal of Applied Fluid Mechanics},
  volume={9},
  number={1},
  pages={443--450},
  year={2015}
}

@article{alinejad2020engineering,
  title={Engineering review of ASCE 7-16 wind-load provisions and wind effect on tall concrete-frame buildings},
  author={Alinejad, Hamidreza and Kang, Thomas H-K},
  journal={Journal of Structural Engineering},
  volume={146},
  number={6},
  pages={04020100},
  year={2020},
  publisher={American Society of Civil Engineers}
}

@article{rasool2021comparative,
  title={A Comparative Study on the Calculation of Wind Load and Analysis of Communication Tower as per TIA-222-G and TIA-222-H Standards},
  author={Rasool, Ali Murtaza and Qureshi, Mohsin Usman and Ahmad, Muhammad},
  journal={KSCE Journal of Civil Engineering},
  volume={25},
  number={2},
  pages={646--653},
  year={2021},
  publisher={Springer}
}

@article{bhandari2011explanatory,
  title={An Explanatory Handbook on Proposed IS 875 (Part3)--Wind Loads on Buildings and Structures},
  author={Bhandari, NM and Krishna, Prem and Kumar, Krishen and Gupta, Abhay},
  journal={Shri GS Institute of technology and science Indore. Document n IITK-GSDMA-Wind},
  pages={06--v3},
  year={2011}
}


 @misc{mms_2020, 
 title={List of Historical Cyclones},
 url={http://metservice.intnet.mu/publications/list-of-historical-cyclones.php}, journal={http://metservice.intnet.mu/publications/list-of-historical-cyclones.php},
 publisher={Mauritius Meteorological Services},
 author={ Mauritius Meteorological Services, 
urldate={April 30, 2020}}

}

@misc{clams_2015,
 title={Proposal for the rearrangement of loose rocks and creation of a semi submerged beach in front of Shanti Maurice}, url={https://environment.govmu.org/Documents/eia/eiareports/shanti15/execsum.pdf}, journal={https://environment.govmu.org/Documents/eia/eiareports/shanti15/execsum.pdf}, 
 author={Coastal Land and Marine Solution},
 year={2015},
 urldate={April 30, 2020}
 
 
 }  
 
 @misc{chaudhari_2015,
 title={Stress – Strain}, 
 url={https://www.engineersgallery.com/stress-strain/}, 
 journal={engineers gallery }, 
 author={Chaudhari, Keval},
 year={2015}, month={Aug}} 
 
 }
 
 @article{sahin2016wind,
  title={Wind Turbine Tower Structure Analysis According to Wind Load in Terms of Cost},
  author={Sahin, Sel{\c{c}}uk and others},
  year={2016},
  publisher={Universit{\'e} de Li{\`e}ge, Li{\`e}ge, Belgique}
}
 @misc{boston_2022,
 title={Torsion}, url={University Mechanical Engineering},
 journal={https://www.bu.edu/moss/mechanics-of-materials-torsion/},
 publisher={Boston }, 
 author={Boston University, 
 year={2022}, month={Jun}}
 
 } 
 
 @article{bhargava2006web,
  title={Web-based virtual torsion laboratory},
  author={Bhargava, Peeyush and Antonakakis, John and Cunningham, Christine and Zehnder, Alan T},
  journal={Computer Applications in Engineering Education},
  volume={14},
  number={1},
  pages={1--8},
  year={2006},
  publisher={Wiley Online Library}
}

@article{osakue2012linearized,
  title={A Linearized Gerber Fatigue Model},
  author={Osakue, Edward E},
  journal={International Journal of Modern Engineering},
  volume={12},
  number={1},
  pages={64--72},
  year={2012}
}
@book{horger1965metals,
  title={Metals engineering design},
  author={Horger, Oscar J and Handbook, ASME},
  year={1965},
  publisher={McGraw-Hill}
}

 @misc{ncsu_2014,
 url={https://www.slideserve.com/vielka-tucker/fatigue-strength-6-4-6-7-6-8-6-11}, 
 journal={Fatigue Strength (6.4, 6.7-6.8, 6.11)}, 
 publisher={NC State University Department of Mechanical and Aerospace Engineering}, 
 author={Tucker Vielka, V}, 
 year={2014}, month={Nov}} 
 
 }
 
   @misc{amarine_2019, 
   title={Shear Stress}, 
   url={https://amarineblog.com/2020/10/22/what-is-shear-stress/}, journal={What is Shear Stress}, publisher={https://amarineblog.com/}, author={AMARINE, AMARINE BLOG}, year={2019}, month={Dec}} 
   
   }
   
     @misc{kurt_2022, 
     title={Columns }, 
     url={https://www.ecourses.ou.edu/cgi-bin/ebook.cgi?topic=me&amp;chap_sec=09.0}, journal={https://www.ecourses.ou.edu/cgi-bin/ebook.cgi?topic=me&amp;chap_sec=09.0}, 
     author={Kurt Gramoll }, 
     year={2022}, month={Jun}} 
     
    }
    
 @article{zaarour1996web,
  title={Web post buckling in thin webbed castellated beams.},
  author={Zaarour, WJ},
  year={1996}
}
@misc{steel_2016,
  title = {Steel Construction},
  author = {Vibrations, Floor},
  year = {2021}, 
  date = {2 June 2021}}
}

 @misc{tvm@2017_2017,
 title={Different Types of Welding Joints},
 url={https://www.theweldingmaster.com/types-welding-joints/}, 
 journal={https://www.theweldingmaster.com/types-welding-joints/},
 author={tvm@2017, tvm},
 year={2017}, month={Nov}} 
 }
 
 @misc{Dannana2021How,
     title = {How to calculate {Welding} {Joint} {Strength}?},
	note = {[Online; accessed 2020-03-27]},
	author = {Dannana, Sundar},
	year = {2021},
	date = { 27 March 2020},
	publisher = { <https://extrudesign.com/how-to-calculate-welding-joint-strength/>},
	
}

@article{luo2020parametric,
  title={Parametric formulae for elastic stress concentration factor at the weld toe of distorted butt-welded joints},
  author={Luo, Yuxiao and Ma, Renle and Tsutsumi, Seiichiro},
  journal={Materials},
  volume={13},
  number={1},
  pages={169},
  year={2020},
  publisher={Multidisciplinary Digital Publishing Institute}
  
 }
 
  @misc{doane_2016,
  title={A Practical Design Guide for Welded Connections Part 2 Analysis and Design of Welded Connections},
  url={https://s3.amazonaws.com/suncam/docs/254.pdf},
  journal={https://s3.amazonaws.com/suncam/docs/254.pdf}, 
  author={Doane, James}, 
  year={2016}} 
  date access={27th June 2022},
  }
  
  @article{blodgett1964welded,
  title={Welded Steel Bridge Girders},
  author={Blodgett, Omer W},
  year={1964}
}

@article{cook1989design,
  title={Design guide for steel-to-concrete connections},
  author={Cook, RA and Doerr, Gaylene Truitt and Klingner, RE},
  year={1989}
  
  }
 @misc{DesignofColumnBasePlates2010,
    author = "Mamoun A. Alqedra",
    year={2010},
    title = "Design of Column Base Plates",
    url  = "http://site.iugaza.edu.ps/malqedra/files/Design-of-Base-Plate.pdf",
    addendum = "(accessed: 01.09.2020)",
    keywords = "latex,Design of Column Base Plates"
    
    }
@book{punmia1998comprehensive,
  title={Comprehensive design of steel structures},
  author={Punmia, BC and Jain, Ashok Kumar and Jain, Arun Kr},
  year={1998},
  publisher={Firewall Media}
}

@book{fisher2006base,
  title={Base plate and anchor rod design},
  author={Fisher, James M and Kloiber, Lawrence A},
  year={2006},
  publisher={American Institute of Steel Construction}
}

@techreport{cook2003design,
  title={Design guidelines and specifications for engineered grouts},
  author={Cook, Ronald A and Burtz, Jennifer L},
  year={2003}
}
@article{carrato2008applying,
  title={Applying Appendix D of ACI 318},
  author={Carrato, Peter},
  journal={STRUCTURE},
  volume={22},
  year={2008}
}


@misc{boltport2007,
     title = "BoltportFasteners, LLP",
	note = {[Online; accessed 2020-03-27]},
	author = {Boltport Fasteners},
	year = {2007},
	date = { 1 March 2021},
	publisher = "<https://https://boltport.com/specifications/astm-f1554-grade-55/"
	

}@article{nand2020comparative,
  title={Comparative Study on Steel Framed and Reinforces Concrete Buildings-A Review},
  author={Nand, Er Surya and Sharma, Er Sumit},
  journal={Journal of Engineering Analysis and Design},
  volume={2},
  number={1, 2, 3},
  year={2020}


}@article{weynand2012resistance,
  title={Resistance tables for standardized joints in accordance with EN 1993-1-8},
  author={Weynand, Klaus and Oerder, Ralf and Demonceau, Jean-Fran{{c}}ois},
  journal={CONNECTIONS VII proceedings},
  pages={23--34},
  year={2012},
  publisher={ECCS}
}

 @misc{NCMA2022, 
 title={DESIGN OF ANCHOR BOLTS EMBEDDED IN CONCRETE MASONRY}, url={https://ncma.org/resource/design-of-anchor-bolts-embedded-in-concrete-masonry/},
 journal={NCMA}, 
 publisher={National Concrete Masonry Association}, 
 author={Masonry Association, National Concrete}} 
 
  @misc{kumar_2015, 
  title={PAD FOUNDATION},
  url={https://qr.ae/pvi9BD},
  journal={https://www.quora.com/What-is-a-pad-footing}, 
  author={Kumar, Ankur}, 
  year={2015}} 
  
  @book{darwin2016design,
  title={Design of concrete structures},
  author={Darwin, David and Dolan, Charles William and Nilson, Arthur H},
  volume={2},
  year={2016},
  publisher={McGraw-Hill Education New York, NY, USA:}
}
@inproceedings{murga2016design,
  title={Design solutions for dome and main structure (mount) of giant telescopes},
  author={Murga, Gaizka and Bilbao, Armando and de Bilbao, Lander and Lorentz, Thomas E},
  booktitle={Ground-based and Airborne Telescopes VI},
  volume={9906},
  pages={96--107},
  year={2016},
  organization={SPIE}
}
@inproceedings{rydbeck1977onsala,
  title={The onsala 20 M millimeter wave radio telescope},
  author={Rydbeck, OEH and Ronnang, B and Hansson, B and Ellder, J and Hjalmarson, A and Kollberg, E and d'Amato, Richard},
  booktitle={1977 7th European Microwave Conference},
  pages={424--427},
  year={1977},
  organization={IEEE}
}
@mastersthesis{shaikh2019band,
  title={E-band/W-band corrugated horn feed for the Onsala Space Observatory 20 m radio telescope},
  author={Shaikh, Tasmiah},
  year={2019}
}
@article{liu2017reflector,
  title={Reflector wind load characteristics of the large all-movable antenna and its effect on reflector surface precision},
  author={Liu, Yan and Qian, Hong-liang and Fan, Feng},
  journal={School of Civil Engineering, Chang’an University, Xi’an, School of Civil Engineering, Harbin Institute of Technology, Harbin},
  year={2017}
}
@inproceedings{somanah2013astrophysical,
  title={Astrophysical results of the Mauritius radio telescope},
  author={Somanah, R and Issur, N and Oozeer, N},
  booktitle={IOP Conference Series: Materials Science and Engineering},
  volume={44},
  number={1},
  pages={012027},
  year={2013},
  organization={IOP Publishing}
}

@online{sETILeagueTechnicalManual_2022,
    author = "H. Paul Shuch",
    title = "Care and Feeding of a SETI Dish",
    year={1997},
    url  = "https://ui.adsabs.harvard.edu/abs/2021afas.confE...2S/abstract#:~:text=The accessed 10.02.2022",
    ddendum={{(accessed: 10.02.2022)}}
}



@article{kumar1978reduce,
  title={Reduce cross-polarization in reflector-type antennas},
  author={Kumar, A},
  journal={Microwaves},
  volume={17},
  pages={48--51},
  year={1978}
}



@book{kraus1966radio,
  title={Radio astronomy},
  author={Kraus, John D and Tiuri, Martti and R{\"a}is{\"a}nen, Antti V and Carr, Thomas D},
  volume={66},
  year={1966},
  publisher={McGraw-Hill New York}
}
@article{schrank1989antenna,
  title={Antenna designer's notebook},
  author={Schrank, Hal},
  journal={IEEE Antennas and Propagation Society Newsletter},
  volume={31},
  number={4},
  pages={25--28},
  year={1989},
  publisher={IEEE}
}
@article{zaman2011approximate,
  title={Approximate Closed-Form Expression of the Electric Field of a Conical Horn Antenna},
  author={Zaman, Mohammad Asif and Gaffar, Md and Alam, Md Mushfiqul and Mamun, Sayed Ashraf and Choudhury, Sajid Muhaimin and Matin, MA},
  journal={International Journal of Computer and Electrical Engineering},
  volume={3},
  number={1},
  pages={48},
  year={2011},
  publisher={IACSIT Press}
}